<record><leader>00000cas a2200000 a 4500</leader><controlfield tag="001">13449421</controlfield><controlfield tag="008">860417d19861990iluwn ne      0   a0eng c</controlfield><datafield ind1=" " ind2=" " tag="010"><subfield code="a">sn 86010423 </subfield></datafield><datafield ind1=" " ind2=" " tag="040"><subfield code="a">NSD</subfield><subfield code="b">eng</subfield><subfield code="c">NSD</subfield><subfield code="d">CVF</subfield><subfield code="d">NVF</subfield><subfield code="d">OCLCQ</subfield><subfield code="d">NVF</subfield><subfield code="d">OCLCF</subfield><subfield code="d">OCLCO</subfield></datafield><datafield ind1=" " ind2=" " tag="012"><subfield code="j">1</subfield><subfield code="m">d</subfield></datafield><datafield ind1="1" ind2=" " tag="022"><subfield code="a">0888-0204</subfield><subfield code="l">0888-0204</subfield><subfield code="y">0192-0146</subfield><subfield code="2">1</subfield></datafield><datafield ind1="1" ind2=" " tag="029"><subfield code="a">AU@</subfield><subfield code="b">000022902350</subfield></datafield><datafield ind1=" " ind2=" " tag="042"><subfield code="a">nsdp</subfield><subfield code="a">pcc</subfield></datafield><datafield ind1=" " ind2=" " tag="043"><subfield code="a">n-us-il</subfield></datafield><datafield ind1=" " ind2="0" tag="222"><subfield code="a">Buffalo Grove countryside (Barrington, Ill. : 1986)</subfield></datafield><datafield ind1="0" ind2="0" tag="245"><subfield code="a">Buffalo Grove countryside.</subfield></datafield><datafield ind1=" " ind2=" " tag="260"><subfield code="a">Barrington, Ill. :</subfield><subfield code="b">Pioneer Press,</subfield><subfield code="c">1986-1990.</subfield></datafield><datafield ind1=" " ind2=" " tag="300"><subfield code="a">v.</subfield></datafield><datafield ind1=" " ind2=" " tag="310"><subfield code="a">Weekly (except semiweekly in Mar., June and Sept.),</subfield><subfield code="b">May 4 [11], 1989-Dec. 6. 1990.</subfield></datafield><datafield ind1=" " ind2=" " tag="321"><subfield code="a">Weekly,</subfield><subfield code="b">Feb. 20, 1986-May 3, 1989</subfield></datafield><datafield ind1="0" ind2=" " tag="362"><subfield code="a">[Vol. 1, no. 1] (Feb. 20, 1986)-v. 4, no. 49 (Dec. 6, 1990).</subfield></datafield><datafield ind1=" " ind2=" " tag="588"><subfield code="a">Merged with: Wheeling countryside, to form: Countryside (Barrington, Ill.).</subfield></datafield><datafield ind1=" " ind2="0" tag="651"><subfield code="a">Buffalo Grove (Cook County, Ill.)</subfield><subfield code="v">Newspapers.</subfield></datafield><datafield ind1=" " ind2="0" tag="651"><subfield code="a">Long Grove (Ill.)</subfield><subfield code="v">Newspapers.</subfield></datafield><datafield ind1=" " ind2="7" tag="655"><subfield code="a">Newspapers.</subfield><subfield code="2">fast</subfield><subfield code="0">(OCoLC)fst01423814</subfield></datafield><datafield ind1=" " ind2="7" tag="651"><subfield code="a">Illinois</subfield><subfield code="z">Buffalo Grove (Cook County)</subfield><subfield code="2">fast</subfield><subfield code="0">(OCoLC)fst01313932</subfield></datafield><datafield ind1=" " ind2="7" tag="651"><subfield code="a">Illinois</subfield><subfield code="z">Long Grove.</subfield><subfield code="2">fast</subfield><subfield code="0">(OCoLC)fst01204201</subfield></datafield><datafield ind1=" " ind2=" " tag="752"><subfield code="a">United States</subfield><subfield code="b">Illinois</subfield><subfield code="c">Cook</subfield><subfield code="d">Barrington.</subfield></datafield><datafield ind1="0" ind2="1" tag="780"><subfield code="t">Countryside reminder news</subfield><subfield code="x">0192-0146</subfield><subfield code="w">(DLC)sn 79004994</subfield><subfield code="w">(OCoLC)5070375</subfield></datafield><datafield ind1="1" ind2="7" tag="785"><subfield code="t">Wheeling countryside</subfield><subfield code="w">(DLC)sn 89003013</subfield><subfield code="w">(OCoLC)20112508</subfield></datafield><datafield ind1="1" ind2="7" tag="785"><subfield code="t">Countryside (Barrington, Ill.)</subfield><subfield code="x">1054-7940</subfield><subfield code="w">(DLC)sn 91003334</subfield><subfield code="w">(OCoLC)22971711</subfield></datafield></record>